<?xml version="1.0" encoding="UTF-8"?><record xmlns="http://www.loc.gov/MARC21/slim" xmlns:cinclude="http://apache.org/cocoon/include/1.0" xmlns:zs="http://www.loc.gov/zing/srw/">
  <leader>00748cz  a2200181n  4500</leader>
  <controlfield tag="001">n  92007160 </controlfield>
  <controlfield tag="003">DLC</controlfield>
  <controlfield tag="005">19920124142317.6</controlfield>
  <controlfield tag="008">920123n| acaabaaa|          |a ana |||  </controlfield>
  <datafield tag="010" ind1=" " ind2=" ">
    <subfield code="a">n  92007160 </subfield>
  </datafield>
  <datafield tag="040" ind1=" " ind2=" ">
    <subfield code="a">DLC</subfield>
    <subfield code="c">DLC</subfield>
    <subfield code="d">DLC</subfield>
  </datafield>
  <datafield tag="130" ind1=" " ind2="0">
    <subfield code="a">Colección de estudios sociales de la ciencia del Fondo Editorial Acta Científica Venezolana</subfield>
  </datafield>
  <datafield tag="410" ind1="2" ind2="0">
    <subfield code="a">Fondo Editorial Acta Científica Venezolana.</subfield>
    <subfield code="b">Colección de estudios sociales de la ciencia</subfield>
  </datafield>
  <datafield tag="643" ind1=" " ind2=" ">
    <subfield code="a">Caracas</subfield>
    <subfield code="b">Fondo Editorial Acta Científica Venezolana</subfield>
  </datafield>
  <datafield tag="644" ind1=" " ind2=" ">
    <subfield code="a">f</subfield>
    <subfield code="5">DLC</subfield>
  </datafield>
  <datafield tag="645" ind1=" " ind2=" ">
    <subfield code="a">t</subfield>
    <subfield code="5">DLC</subfield>
  </datafield>
  <datafield tag="646" ind1=" " ind2=" ">
    <subfield code="a">s</subfield>
    <subfield code="5">DLC</subfield>
  </datafield>
  <datafield tag="670" ind1=" " ind2=" ">
    <subfield code="a">Texera, Y. La exploración en Venezuela 1754-1950, 1991:</subfield>
    <subfield code="b">flap (Colección de estudios sociales de la ciencia del Fondo Editorial Acta Cientt́ifica Venezolana)</subfield>
  </datafield>
</record>